% 使用 BibTeX 格式的参考文献数据库
% 使用 Biber 编译

@book{IEEE1363,
  author    = {{IEEE Std 1363-2000}},
  title     = {{IEEE} Standard Specifications for Public-Key Cryptography},
  address   = {New York},
  publisher = {IEEE},
  year      = {2000}
}

@mastersthesis{Jeyakumar2004,
  author  = {Ashwin Raju Jeyakumar},
  title   = {Metamori: A library for Incremental File Checkpointing},
  school  = {Virgina Tech},
  year    = 2004,
  month   = jun,
  address = {Blacksburg}
}

@article{ElIdrissi1994,
  author  = {{Chafik El Idrissi}, M. and {Roney}, A. and {Frigon}, C. and
             {Larzilli{\`e}re}, M.},
  title   = {Measurements of total kinetic-energy released to the {$N=2$}
             dissociation limit of {H}$_2$ --- evidence of the dissociation
             of very high vibrational {R}ydberg states of {H}$_2$ by
             doubly-excited states},
  journal = {Chemical Physics Letters},
  pages   = {260-266},
  volume  = 224,
  number  = 10,
  year    = 1994
}

@book{Subspace_Overall_Overschee1996,
  title      = {Subspace Identification for Linear Systems: Theory - Implementation - Applications},
  shorttitle = {Subspace Identification for Linear Systems},
  author     = {van Overschee, Peter and Moor, B. L.},
  year       = {1996},
  edition    = {1},
  publisher  = {Springer},
  isbn       = {978-0-7923-9717-5}
}

@article{Subspace_Freq_McKelvey1996,
  title   = {Subspace-Based Multivariable System Identification from Frequency Response Data},
  author  = {McKelvey, Tomas and Ak{\c c}ay, H{\"u}seyin and Ljung, Lennart},
  year    = {1996},
  journal = {IEEE Transactions on Automatic control},
  volume  = {41},
  number  = {7},
  pages   = {960--979},
  issn    = {0018-9286}
}

@online{You2024,
  title   = {Wyqy TongjiThesis Proto},
  author  = {You, Jingze},
  urldate = {2024},
  url = {https://github.com/wyqy/TongjiThesis_Proto}
}


// 可以使用中文
@inbook{Yan2021,
  author    = {阎真},
  title     = {沧浪之水},
  chapter   = {大人物还是讲人情的},
  pages     = {185-207},
  publisher = {人民文学出版社},
  year      = {2001},
  pinyin    = {yanzhen}
}
